% =============================================================
% Articles
% =============================================================


% =============================================================
% In proceedings
% =============================================================


% =============================================================
% Web pages
% =============================================================


% =============================================================
% Books
% =============================================================
@book{Fasshauer:2007:BK,
  title={Meshfree approximation methods with MATLAB},
  author={Fasshauer, Gregory E},
  volume={6},
  year={2007},
  publisher={World Scientific}
}

% =============================================================
% Technical reports
% =============================================================


% =============================================================
% Masters thesis
% =============================================================


% =============================================================
% Drafts
% =============================================================

