% %%%%%%%%%%%%%%%%%%%%%%%%%%%%%%%%%%%%%%%%%%%%%%%%%%%%%%%%%%%%%%%%%%%%
% Web pages
% %%%%%%%%%%%%%%%%%%%%%%%%%%%%%%%%%%%%%%%%%%%%%%%%%%%%%%%%%%%%%%%%%%%%

@MISC{when_comments_go_bad:URL,
 author = {Jeff Atwood},
 title = {When comments go bad},
 howpublished = "\url{http://blog.codinghorror.com/when-good-comments-go-bad/}",
}

@MISC{code_tells_you_how_comments_tell_you_why:URL,
 author = {Jeff Atwood},
 title = {Code tells you how, comments tell you why},
 howpublished = "\url{http://blog.codinghorror.com/code-tells-you-how-comments-tell-you-why/}",
}

@MISC{why_programmers_do_not_comment_their_code:URL,
 author = {jclast},
 title = {Why programmers don't comment their code (idea)},
 howpublished = "\url{http://everything2.com/index.pl?node_id=1709851&displaytype=printable}",
}