% %%%%%%%%%%%%%%%%%%%%%%%%%%%%%%%%%%%%%%%%%%%%%%%%%%%%%%%%%%%%%%%%%%%%
% Web pages
% %%%%%%%%%%%%%%%%%%%%%%%%%%%%%%%%%%%%%%%%%%%%%%%%%%%%%%%%%%%%%%%%%%%%

@MISC{emacs_video_01:URL,
 author = {Baris Yuksel},
 title = {Emacs Tutorial (Beginners) -Part 1- File commands, cut/copy/paste, cursor commands},
 howpublished = "\url{https://www.youtube.com/watch?v=ujODL7MD04Q}",
}

@MISC{emacs_video_02:URL,
 author = {Baris Yuksel},
 title = {Emacs Tutorial (Beginners) -Part 2- Buffer management, search, M-x grep and rgrep modes},
 howpublished = "\url{https://www.youtube.com/watch?v=XWpsRupJ4II}",
}

@MISC{emacs_github:URL,
 author = {Baris Yuksel},
 title = {Emacs-Tutorial-for-Beginners},
 howpublished = "\url{https://github.com/byuksel/Emacs-Tutorial-for-Beginners}",
}